@article{hassell1976components,
  title={The components of arthropod predation: I. The prey death-rate},
  author={Hassell, MP and Lawton, JH and Beddington, JR},
  journal={The Journal of Animal Ecology},
  pages={135--164},
  year={1976},
  publisher={JSTOR}
}

@article{begon1996ecology,
  title={Ecology: Individuals, Populations},
  author={Begon, M and Harper, JL and Townsend, CR},
  journal={Communities},
  year={1996}
}

@article{pawar2012dimensionality,
  title={Dimensionality of consumer search space drives trophic interaction strengths},
  author={Pawar, Samraat and Dell, Anthony I and Savage, Van M},
  journal={Nature},
  volume={486},
  number={7404},
  pages={485--489},
  year={2012},
  publisher={Nature Publishing Group}
}
